/*
    Localisatiealgoritme
*/
@incollection{park2011beacon,
  title={Beacon scheduling algorithm for localization of a mobile robot},
  author={Park, Jaehyun and Choi, Sunghee and Lee, Jangmyung},
  booktitle={Intelligent Robotics and Applications},
  pages={594--603},
  year={2011},
  publisher={Springer}
}

/*
    Tijdsverschil -> afstand
*/
@article{barshan2000fast,
  title={Fast processing techniques for accurate ultrasonic range measurements},
  author={Barshan, Billur},
  journal={Measurement Science and technology},
  volume={11},
  number={1},
  pages={45},
  year={2000},
  publisher={IOP Publishing}
}