@article{sundararaman2005clock,
  title={Clock synchronization for wireless sensor networks: a survey},
  author={Sundararaman, Bharath and Buy, Ugo and Kshemkalyani, Ajay D},
  journal={Ad Hoc Networks},
  volume={3},
  number={3},
  pages={281--323},
  year={2005},
  publisher={Elsevier}
}